<record><leader>00000cas a22000007a 4500</leader><controlfield tag="001">29895658</controlfield><controlfield tag="008">940302d18651868mauir ne      0    0eng d</controlfield><datafield ind1=" " ind2=" " tag="010"><subfield code="a">sn 94055546 </subfield></datafield><datafield ind1=" " ind2=" " tag="040"><subfield code="a">MGN</subfield><subfield code="b">eng</subfield><subfield code="c">MGN</subfield><subfield code="d">OCLCQ</subfield></datafield><datafield ind1=" " ind2=" " tag="042"><subfield code="a">msc</subfield></datafield><datafield ind1="0" ind2="0" tag="245"><subfield code="a">Tri-weekly American.</subfield></datafield><datafield ind1="3" ind2="0" tag="246"><subfield code="a">Triweekly American</subfield></datafield><datafield ind1=" " ind2=" " tag="260"><subfield code="a">Lawrence, Mass. :</subfield><subfield code="b">Geo. S. Merrill &amp; Co.</subfield></datafield><datafield ind1=" " ind2=" " tag="300"><subfield code="a">v.</subfield></datafield><datafield ind1=" " ind2=" " tag="310"><subfield code="a">Triweekly</subfield></datafield><datafield ind1="1" ind2=" " tag="362"><subfield code="a">Ceased in July 1868.</subfield></datafield><datafield ind1=" " ind2=" " tag="580"><subfield code="a">Weekly eds.: Lawrence American (Lawrence, Mass. : Weekly), 1865-1866, and: Lawrence American and Andover advertiser, 1866-1868.</subfield></datafield><datafield ind1=" " ind2=" " tag="588"><subfield code="a">Description based on: Vol. 1, no. 17 (Aug. 10, 1865).</subfield></datafield><datafield ind1=" " ind2=" " tag="752"><subfield code="a">United States</subfield><subfield code="b">Massachusetts</subfield><subfield code="c">Essex</subfield><subfield code="d">Lawrence.</subfield></datafield><datafield ind1="1" ind2=" " tag="775"><subfield code="t">Lawrence American (Lawrence, Mass. : Weekly)</subfield><subfield code="w">(DLC)sn 83020065</subfield></datafield><datafield ind1="1" ind2=" " tag="775"><subfield code="t">Lawrence American and Andover advertiser</subfield><subfield code="w">(DLC)sn 83020067</subfield></datafield><datafield ind1="0" ind2="0" tag="785"><subfield code="t">Daily American (Lawrence, Mass.)</subfield><subfield code="w">(DLC)sn 83020042</subfield></datafield></record>